<record><leader>00000cas a2200000 a 4500</leader><controlfield tag="001">9990651</controlfield><controlfield tag="008">831007d18621864lauir ne      0    0fre c</controlfield><datafield ind1=" " ind2=" " tag="010"><subfield code="a">sn 83026401 </subfield></datafield><datafield ind1=" " ind2=" " tag="040"><subfield code="a">NPV</subfield><subfield code="b">eng</subfield><subfield code="c">NPV</subfield><subfield code="d">NPX</subfield><subfield code="d">DLC</subfield><subfield code="d">NJW</subfield><subfield code="d">DLC</subfield><subfield code="d">OCL</subfield><subfield code="d">LNP</subfield><subfield code="d">OCL</subfield><subfield code="d">LNP</subfield><subfield code="d">MFN</subfield><subfield code="d">LNP</subfield><subfield code="d">KNP</subfield><subfield code="d">NVF</subfield><subfield code="d">MGN</subfield><subfield code="d">TGN</subfield><subfield code="d">CVF</subfield><subfield code="d">OCL</subfield><subfield code="d">OCLCQ</subfield><subfield code="d">OCLCF</subfield><subfield code="d">OCLCO</subfield><subfield code="d">OCLCA</subfield></datafield><datafield ind1=" " ind2=" " tag="012"><subfield code="b">3</subfield></datafield><datafield ind1=" " ind2=" " tag="019"><subfield code="a">9990670</subfield><subfield code="a">9997974</subfield><subfield code="a">9998010</subfield></datafield><datafield ind1="0" ind2=" " tag="041"><subfield code="a">freeng</subfield></datafield><datafield ind1=" " ind2=" " tag="042"><subfield code="a">pcc</subfield></datafield><datafield ind1=" " ind2=" " tag="043"><subfield code="a">n-us-la</subfield></datafield><datafield ind1="0" ind2="0" tag="050"><subfield code="a">Newspaper</subfield></datafield><datafield ind1="0" ind2=" " tag="130"><subfield code="a">Union (New Orleans, La. : 1862 : Triweekly)</subfield></datafield><datafield ind1="1" ind2="2" tag="245"><subfield code="a">L'Union.</subfield></datafield><datafield ind1=" " ind2=" " tag="260"><subfield code="a">Nouvelle-Orle&#769;ans [La.] :</subfield><subfield code="b">Frank F. Barclay,</subfield><subfield code="c">1862-1864.</subfield></datafield><datafield ind1=" " ind2=" " tag="300"><subfield code="a">v.</subfield></datafield><datafield ind1=" " ind2=" " tag="310"><subfield code="a">Triweekly,</subfield><subfield code="b">Dec. 23, 1862-1864</subfield></datafield><datafield ind1=" " ind2=" " tag="321"><subfield code="a">Semiweekly,</subfield><subfield code="b">Sept. 27-Dec. 20, 1862</subfield></datafield><datafield ind1="0" ind2=" " tag="362"><subfield code="a">1re anne&#769;e, no 1 (27 sept. 1862)-v. 2, no. 159 (19 juil. 1864).</subfield></datafield><datafield ind1=" " ind2=" " tag="500"><subfield code="a">&quot;Me&#769;morial politique, litte&#769;raire et progressiste.&quot;</subfield></datafield><datafield ind1=" " ind2=" " tag="500"><subfield code="a">Published with an additional masthead in English: The union, July 1863-1864.</subfield></datafield><datafield ind1=" " ind2=" " tag="515"><subfield code="a">The English masthead carries its own volume and issue numbering.</subfield></datafield><datafield ind1=" " ind2=" " tag="530"><subfield code="a">Microfilmed by the Library of Congress for the Committee on Negro Studies of the American Council of Learned Societies.</subfield></datafield><datafield ind1=" " ind2=" " tag="546"><subfield code="a">In French, 1862-July 1863. In French and English, July 1863-1864.</subfield></datafield><datafield ind1=" " ind2="0" tag="650"><subfield code="a">African American newspapers</subfield><subfield code="z">Louisiana.</subfield></datafield><datafield ind1=" " ind2="0" tag="650"><subfield code="a">African Americans</subfield><subfield code="z">Louisiana</subfield><subfield code="z">New Orleans</subfield><subfield code="v">Newspapers.</subfield></datafield><datafield ind1=" " ind2="0" tag="651"><subfield code="a">New Orleans (La.)</subfield><subfield code="v">Newspapers.</subfield></datafield><datafield ind1=" " ind2="7" tag="655"><subfield code="a">Newspapers.</subfield><subfield code="2">fast</subfield><subfield code="0">(OCoLC)fst01423814</subfield></datafield><datafield ind1=" " ind2="7" tag="650"><subfield code="a">African American newspapers.</subfield><subfield code="2">fast</subfield><subfield code="0">(OCoLC)fst00799278</subfield></datafield><datafield ind1=" " ind2="7" tag="650"><subfield code="a">African Americans.</subfield><subfield code="2">fast</subfield><subfield code="0">(OCoLC)fst00799558</subfield></datafield><datafield ind1=" " ind2="7" tag="651"><subfield code="a">Louisiana.</subfield><subfield code="2">fast</subfield><subfield code="0">(OCoLC)fst01207035</subfield></datafield><datafield ind1=" " ind2="7" tag="651"><subfield code="a">Louisiana</subfield><subfield code="z">New Orleans.</subfield><subfield code="2">fast</subfield><subfield code="0">(OCoLC)fst01204311</subfield></datafield><datafield ind1=" " ind2=" " tag="752"><subfield code="a">United States</subfield><subfield code="b">Louisiana</subfield><subfield code="c">Orleans</subfield><subfield code="d">New Orleans.</subfield></datafield></record>